@misc{pp1,
  doi = {10.48550/ARXIV.2211.00964},
  
  url = {https://arxiv.org/abs/2211.00964},
  
  author = {Trinh, Philippe H. and Morawiecki, Piotr},
  
  keywords = {Fluid Dynamics (physics.flu-dyn), FOS: Physical sciences, FOS: Physical sciences},
  
  title = {On the development and analysis of coupled surface-subsurface models of catchments. Part 1. Parameter estimation and sensitivity analysis of catchment properties},
  
  publisher = {arXiv},
  
  year = {2022},
  
  copyright = {arXiv.org perpetual, non-exclusive license}
}

@misc{pp2,
  doi = {10.48550/ARXIV.2211.01440},
  
  url = {https://arxiv.org/abs/2211.01440},
  
  author = {Morawiecki, Piotr and Trinh, Philippe H.},
  
  keywords = {Fluid Dynamics (physics.flu-dyn), FOS: Physical sciences, FOS: Physical sciences},
  
  title = {On the development and analysis of coupled surface-subsurface models of catchments. Part 2. A three-dimensional benchmark model and its properties},
  
  publisher = {arXiv},
  
  year = {2022},
  
  copyright = {arXiv.org perpetual, non-exclusive license}
}

@misc{pp3,
  doi = {10.48550/ARXIV.2211.00972},
  
  url = {https://arxiv.org/abs/2211.00972},
  
  author = {Morawiecki, Piotr and Trinh, Philippe H.},
  
  keywords = {Fluid Dynamics (physics.flu-dyn), FOS: Physical sciences, FOS: Physical sciences},
  
  title = {On the development and analysis of coupled surface-subsurface models of catchments. Part 3. Analytical solutions and scaling laws},
  
  publisher = {arXiv},
  
  year = {2022},
  
  copyright = {arXiv.org perpetual, non-exclusive license}
}

@article{BELL201289,
title = {How might climate change affect river flows across the Thames Basin? An area-wide analysis using the UKCP09 Regional Climate Model ensemble},
journal = {Journal of Hydrology},
volume = {442-443},
pages = {89-104},
year = {2012},
issn = {0022-1694},
doi = {https://doi.org/10.1016/j.jhydrol.2012.04.001},
url = {https://www.sciencedirect.com/science/article/pii/S0022169412002648},
author = {V.A. Bell and A.L. Kay and S.J. Cole and R.G. Jones and R.J. Moore and N.S. Reynard},

}